@article{our-mz-rus,
  title={О множествах точек на плоскости с целочисленными расстояниями},
  author={Авдеев, Н Н and Семёнов, Евгений Михайлович},
  journal={Математические заметки},
  volume={100},
  number={5},
  pages={757--761},
  year={2016},
  publisher={Российская академия наук, Математический институт им. В.А. Стеклова Российской академии наук}
}

@article{our-ped-2017,
  title={О множествах точек на плоскости с целочисленными расстояниями и алгоритмах их отыскания},
  author={Авдеев, Н Н},
  journal={Некоторые вопросы анализа, алгебры, геометрии и математического образования: материалы международной молодежной научной школы «Актуальные направления математического анализа и смежные вопросы»},
  volume={7},
  number={I},
  pages={9--10},
  year={2017},
  publisher={Воронеж: Издательско-полиграфический центр «Научная книга»}
}


@article{our-mkmitu-2016,
  title={Об отыскании множеств точек на плоскости с целочисленными расстояниями},
  author={Авдеев, Н Н},
  journal={Математическое и компьютерное моделирование, информационные технологии управления: сб. тр. Школы для студентов, аспирантов и молодых ученых «МКМИТУ-2016»},
  pages={15--19},
  year={2016},
  publisher={Воронеж: Издательско-полиграфический центр «Научная книга»}
}

@article{our-vvmsh-2018,
  title={Некоторые примеры систем Эрдёша},
  author={Авдеев, Н Н},
  journal={Современные методы теории краевых задач : материалы международной конференции «Понтрягинские чтения — XXIX», посвященной 90-летию Владимира Александровича Ильина (2–6 мая 2018 г.)},
  pages={30--31},
  year={2018},
  publisher={Москва: Издательство МАКС-Пресс}
}


@article{our-ped-2018,
  title={On integral point sets in special position},
  author={Авдеев, Н Н},
  journal={Некоторые вопросы анализа, алгебры, геометрии и математического образования: материалы международной молодежной научной школы «Актуальные направления математического анализа и смежные вопросы»},
  volume={8},
  pages={5--6},
  year={2018},
  publisher={Воронеж: Издательско-полиграфический центр «Научная книга»}
}


@inproceedings{our-pmm-2018,
  title={Об отыскании целоудалённых множеств специального вида},
  author={Авдеев, Н Н},
  booktitle={Актуальные проблемы прикладной математики, информатики и механики - сборник трудов Международной научной конференции.},
  pages={492--498},
  year={2018},
  publisher={Научно-исследовательские публикации}
}


@inproceedings{our-vmmsh-2018,
  title={Множества точек с целочисленными расстояниями на плоскости и в евклидовом пространстве},
  author={Авдеев, Н Н and Семёнов, Евгений Михайлович},
  booktitle={Сборник материалов XIV Владикавказской молодежной математической Школы-конференции},
  pages={221--239},
  year={2018},
  publisher={в печати}
}
