@book{polygons-on-lattices,
  title={Многоугольники на решетках},
  author={Вавилов, ВВ and Устинов, АВ},
  journal={М.: МЦНМО},
  year={2006}
}
@book{Bukhstab-number-theory,
  title={Теория чисел},
  author={Бухштаб, АА},
  journal={Москва},
  pages={384},
  year={1966}
}
